<?xml version="1.0" encoding="UTF-8"?>

<marc21:record xmlns:marc21="http://www.loc.gov/MARC21/slim" xmlns:xsi="http://www.w3.org/2001/XMLSchema-instance" xsi:schemaLocation="http://www.loc.gov/MARC21/slim http://www.loc.gov/standards/marcxml/schema/MARC21slim.xsd">
  <marc21:leader>01554nam a22003737a 4500</marc21:leader>
  <marc21:controlfield tag="001">001081363</marc21:controlfield>
  <marc21:controlfield tag="003">CZ BrMZK</marc21:controlfield>
  <marc21:controlfield tag="005">20100628144724.0</marc21:controlfield>
  <marc21:controlfield tag="007">ta</marc21:controlfield>
  <marc21:controlfield tag="008">100628s1657 gw fr|||||00| ||latod</marc21:controlfield>
  <marc21:datafield tag="040" ind1=" " ind2=" ">
    <marc21:subfield code="a">BOA001</marc21:subfield>
    <marc21:subfield code="b">cze</marc21:subfield>
  </marc21:datafield>
  <marc21:datafield tag="072" ind1=" " ind2="7">
    <marc21:subfield code="a">094</marc21:subfield>
    <marc21:subfield code="x">Staré tisky</marc21:subfield>
    <marc21:subfield code="2">Konspekt</marc21:subfield>
    <marc21:subfield code="9">12</marc21:subfield>
  </marc21:datafield>
  <marc21:datafield tag="080" ind1=" " ind2=" ">
    <marc21:subfield code="a">025.171</marc21:subfield>
    <marc21:subfield code="2">MRF</marc21:subfield>
  </marc21:datafield>
  <marc21:datafield tag="100" ind1="1" ind2=" ">
    <marc21:subfield code="a">Salomon, Johann Baptist</marc21:subfield>
    <marc21:subfield code="4">aut</marc21:subfield>
  </marc21:datafield>
  <marc21:datafield tag="245" ind1="1" ind2="0">
    <marc21:subfield code="a">Processvs Ivdiciarivs, Civilis Specvlativo-Practicvs /</marc21:subfield>
    <marc21:subfield code="c">D. O. M. F. Svb Praesidio Nobilis, Et Clarissimi Viri, Ac Domini Matthiae Kavtt, Jvrivm Doctoris, Serenissimi Bavariae Electoris Consiliarii, Et In Catholica Celeberrima Ingolstadiensi Academia Professoris Pandectarvm Ordinarii, Ac Materiarvm Practicarvm Extraordinarii. In Pvblico Canonistarvm Avditorio Propvgnatvs A Ioanne Baptista Salomon, J. V. Candidato. Die Julii, Anno M. DC. L. VII.</marc21:subfield>
  </marc21:datafield>
  <marc21:datafield tag="260" ind1=" " ind2=" ">
    <marc21:subfield code="a">Ingolstadii :</marc21:subfield>
    <marc21:subfield code="b">Typis Ederianis, excudebat Joannes Ostermayr,</marc21:subfield>
    <marc21:subfield code="c">1657</marc21:subfield>
  </marc21:datafield>
  <marc21:datafield tag="300" ind1=" " ind2=" ">
    <marc21:subfield code="a">[8], 147, [9] s. ;</marc21:subfield>
    <marc21:subfield code="c">8°</marc21:subfield>
  </marc21:datafield>
  <marc21:datafield tag="500" ind1=" " ind2=" ">
    <marc21:subfield code="a">Výzdoba: iniciály, viněty, vlys</marc21:subfield>
  </marc21:datafield>
  <marc21:datafield tag="500" ind1=" " ind2=" ">
    <marc21:subfield code="a">Na konci přivázán rukopis</marc21:subfield>
  </marc21:datafield>
  <marc21:datafield tag="510" ind1="3" ind2=" ">
    <marc21:subfield code="a">SWB</marc21:subfield>
  </marc21:datafield>
  <marc21:datafield tag="563" ind1=" " ind2=" ">
    <marc21:subfield code="a">Pergamenová vazba</marc21:subfield>
  </marc21:datafield>
  <marc21:datafield tag="648" ind1=" " ind2="7">
    <marc21:subfield code="a">1651-1700</marc21:subfield>
    <marc21:subfield code="2">czenas</marc21:subfield>
  </marc21:datafield>
  <marc21:datafield tag="650" ind1="0" ind2="7">
    <marc21:subfield code="a">historické knihovní fondy</marc21:subfield>
    <marc21:subfield code="2">czenas</marc21:subfield>
  </marc21:datafield>
  <marc21:datafield tag="655" ind1=" " ind2="7">
    <marc21:subfield code="a">staré tisky</marc21:subfield>
    <marc21:subfield code="2">czenas</marc21:subfield>
  </marc21:datafield>
  <marc21:datafield tag="700" ind1="1" ind2=" ">
    <marc21:subfield code="a">Kautt, Matthias,</marc21:subfield>
    <marc21:subfield code="d">1641-1662</marc21:subfield>
    <marc21:subfield code="4">oth</marc21:subfield>
  </marc21:datafield>
  <marc21:datafield tag="910" ind1=" " ind2=" ">
    <marc21:subfield code="b">ST1-1244.470</marc21:subfield>
  </marc21:datafield>
  <marc21:datafield tag="978" ind1=" " ind2=" ">
    <marc21:subfield code="a">Eder</marc21:subfield>
    <marc21:subfield code="b">Wolfgang - dílna</marc21:subfield>
    <marc21:subfield code="c">Ingolstadt</marc21:subfield>
    <marc21:subfield code="f">1657</marc21:subfield>
  </marc21:datafield>
  <marc21:datafield tag="978" ind1=" " ind2=" ">
    <marc21:subfield code="a">Ostermaier</marc21:subfield>
    <marc21:subfield code="b">Johannes</marc21:subfield>
    <marc21:subfield code="c">Ingolstadt</marc21:subfield>
    <marc21:subfield code="f">1657</marc21:subfield>
  </marc21:datafield>
  <marc21:datafield tag="984" ind1=" " ind2=" ">
    <marc21:subfield code="a">Ingolstadt</marc21:subfield>
    <marc21:subfield code="b">Německo</marc21:subfield>
  </marc21:datafield>
  <marc21:datafield tag="990" ind1=" " ind2=" ">
    <marc21:subfield code="a">001081363</marc21:subfield>
  </marc21:datafield>
  <marc21:datafield tag="CAT" ind1=" " ind2=" ">
    <marc21:subfield code="a">RICHEV</marc21:subfield>
    <marc21:subfield code="b">50</marc21:subfield>
    <marc21:subfield code="c">20100628</marc21:subfield>
    <marc21:subfield code="l">MZK03</marc21:subfield>
    <marc21:subfield code="h">1447</marc21:subfield>
  </marc21:datafield>
  <marc21:datafield tag="PRU" ind1=" " ind2=" ">
    <marc21:subfield code="a">VZST 100628 ER</marc21:subfield>
  </marc21:datafield>
  <marc21:datafield tag="SGG" ind1=" " ind2=" ">
    <marc21:subfield code="a">1244.470</marc21:subfield>
  </marc21:datafield>
</marc21:record>
